<record><leader>00000cas a22000007a 4500</leader><controlfield tag="001">16133456</controlfield><controlfield tag="008">870706d18821884inuwr ne      0    0eng d</controlfield><datafield ind1=" " ind2=" " tag="010"><subfield code="a">sn 87056499 </subfield></datafield><datafield ind1=" " ind2=" " tag="040"><subfield code="a">NPI</subfield><subfield code="b">eng</subfield><subfield code="c">NPI</subfield><subfield code="d">OCLCQ</subfield></datafield><datafield ind1=" " ind2=" " tag="042"><subfield code="a">msc</subfield></datafield><datafield ind1="0" ind2=" " tag="130"><subfield code="a">Chesterton tribune (Chesterton, Ind. : 1882)</subfield></datafield><datafield ind1="1" ind2="0" tag="245"><subfield code="a">Chesterton tribune.</subfield></datafield><datafield ind1=" " ind2=" " tag="260"><subfield code="a">Chesterton, Ind. :</subfield><subfield code="b">Chesterton Tribune Co.,</subfield><subfield code="c">1882-1884.</subfield></datafield><datafield ind1=" " ind2=" " tag="310"><subfield code="a">Weekly</subfield></datafield><datafield ind1="0" ind2=" " tag="362"><subfield code="a">Vol. 1, no. 1 (Oct. 28, 1882)-v. 1, no. 21 (Aug. 20, 1884).</subfield></datafield><datafield ind1=" " ind2=" " tag="515"><subfield code="a">Numbering very irregular.</subfield></datafield><datafield ind1=" " ind2=" " tag="752"><subfield code="a">United States</subfield><subfield code="b">Indiana</subfield><subfield code="c">Porter</subfield><subfield code="d">Chesterton.</subfield></datafield><datafield ind1="0" ind2="0" tag="785"><subfield code="t">Tribune (Chesterton, Ind.)</subfield><subfield code="w">(DLC)sn 86058324</subfield></datafield></record>